@online{tripadvisor,
title={Our purpose},
url={https://www.purpose.tripadvisor.com/},
urldate = {2024-08-01}
}

@online{reddit,
title={Homepage - Reddit},
url = {https://www.redditinc.com/},
urldate = {2024-08-01}
}

@online{woov,
title={Woov – Supercharge your Events},
url={https://woov.com/},
urldate = {2024-08-01}
}

@online{nuxtintro,
title={Introduction · Get Started with Nuxt},
url={https://nuxt.com/docs/getting-started/introduction},
urldate = {2024-08-02}
}

@online{vuejs,
title={Vue.js - The Progressive JavaScript Framework | Vue.js},
url={https://vuejs.org/},
urldate = {2024-08-02}
}

@online{vuetify,
title={Vuetify — A Vue Component Framework},
url={https://vuetifyjs.com/en/},
urldate={2024-08-02}
}

@online{django,
title={Django overview | Django},
url={https://www.djangoproject.com/start/overview/},
urldate={2024-08-02}
}

@online{drf,
title={Home - Django REST framework},
url={https://www.django-rest-framework.org/},
urldate={2024-08-02}
}

@online{postgre,
title={PostgreSQL: The world's most advanced open source database},
url={https://www.postgresql.org/},
urldate={2024-08-02}
}

@online{pusher,
title={Pusher Channels Docs},
url={https://pusher.com/docs/channels/},
urldate={2024-08-03}
}

@online{firebase,
title={Cloud Storage for Firebase},
url={https://firebase.google.com/docs/storage},
urldate={2024-08-02}
}

@online{mapbox,
title={Mapbox | Maps, Navigation, Search, and Data},
url={https://www.mapbox.com/},
urldate={2024-08-02}
}

@online{mapboxservices,
  title={Search, Geocoding and Autofill  Services | Mapbox},
  url={https://www.mapbox.com/search-service},
  urldate={2024-08-02}
}

@online{docker,
title={Docker: Accelerated Container Application Development},
url={https://www.docker.com/},
urldate={2024-08-02}
}

@online{bs4,
title={beautifulsoup4 · PyPI},
url={https://pypi.org/project/beautifulsoup4/},
urldate={2024-08-02}
}

@online{git,
title={Git},
url={https://git-scm.com/},
urldate={2024-08-02}
}

@online{github,
title={About GitHub},
url={https://github.com/about},
urldate={2024-08-02}
}

@online{vscode,
title={Visual Studio Code - Code Editing. Redefined},
url={https://code.visualstudio.com/},
urldate={2024-08-02}
}

@online{typescript,
title={TypeScript: JavaScript With Syntax For Types.},
url={https://www.typescriptlang.org/},
urldate={2024-08-02}
}

@online{hydration,
title={Server-Side Rendering (SSR) | Vue.js},
url={https://vuejs.org/guide/scaling-up/ssr.html},
urldate={2024-08-02}
}

@online{mvt,
title={MVC vs MVT Architectural Pattern. Like any other curious person, you must… | by Tejaswi Chaudhari | GDSC UMIT | Medium},
url={https://medium.com/dsc-umit/mvc-vs-mvt-architectural-pattern-d306a56dce55},
urldate={2024-08-03}
}

@book{juba2015learning,
  title={Learning PostgreSQL},
  author={Juba, Salahaldin and Vannahme, Achim and Volkov, Andrey},
  year={2015},
  publisher={Packt Publishing Ltd}
}

@online{djoser,
title={Introduction — djoser 2.2.2 documentation},
url={https://djoser.readthedocs.io/en/latest/introduction.html},
urldate={2024-08-03}
}

@online{websockets,
title={What are WebSockets? | Pusher},
url={https://pusher.com/websockets/},
urldate={2024-08-03}
}

@online{dockerdocs,
title={Docker overview | Docker Docs},
url={https://docs.docker.com/guides/docker-overview/},
urldate={2024-08-04}
}

@online{containerization,
title={What Is Containerization? | IBM},
url={https://www.ibm.com/topics/containerization},
urldate={2024-08-04}
}

@online{bookingapi,
title={About the Booking.com Connectivity APIs},
url={https://developers.booking.com/connectivity/docs},
urldate={2024-08-06}
}

@online{airbnbapi,
title={API Terms of Service - Airbnb Help Center},
url={https://www.airbnb.com/help/article/3418},
urldate={2024-08-16}
}

@online{mapboxdirections,
title={Directions API | API Docs | Mapbox},
url={https://docs.mapbox.com/api/navigation/directions/},
urldate={2024-08-06}
}

@online{djangoselfreference,
title={Typically, a self-referential foreign key is used to create the hierarchical structure.},
url={https://books.agiliq.com/projects/django-orm-cookbook/en/latest/self_fk.html},
urldate={2024-08-10}
}